@article{Sloman1984TheMinds,
    title = {{The Structure of the Space of Possible Minds}},
    year = {1984},
    author = {Sloman, Aaron},
    pages = {35--42}
}
